@article{thakur2021beir,
  title={BEIR: A Heterogeneous Benchmark for Zero-shot Evaluation of Information Retrieval Models},
  author={Thakur, Nandan and Reimers, Nils and Daxenberger, Johannes and Gurevych, Iryna and others},
  journal={arXiv preprint arXiv:2104.08663},
  year={2021}
}

@inproceedings{reimers2019sentencebert,
  title={Sentence-BERT: Sentence Embeddings using Siamese BERT-Networks},
  author={Reimers, Nils and Gurevych, Iryna},
  booktitle={EMNLP-IJCNLP},
  year={2019}
}

@article{baai2023bge,
  title={BGE: Bridging Text and Embedding with Instruction-Following},
  author={Xiao, Jun and others},
  journal={arXiv preprint arXiv:2309.???},
  year={2023},
  note={Reranker family (BAAI/bge-reranker-base)}
}
